%YAML 1.1
%TAG !u! tag:unity3d.com,2011:
--- !u!1001 &100100000
Prefab:
  m_ObjectHideFlags: 1
  serializedVersion: 2
  m_Modification:
    m_TransformParent: {fileID: 0}
    m_Modifications: []
    m_RemovedComponents: []
  m_ParentPrefab: {fileID: 0}
  m_RootGameObject: {fileID: 1319720190911410}
  m_IsPrefabParent: 1
--- !u!1 &1319720190911410
GameObject:
  m_ObjectHideFlags: 0
  m_PrefabParentObject: {fileID: 0}
  m_PrefabInternal: {fileID: 100100000}
  serializedVersion: 5
  m_Component:
  - component: {fileID: 4971248406883798}
  - component: {fileID: 114295939052167822}
  - component: {fileID: 114791867557696980}
  m_Layer: 0
  m_Name: GamePlayController
  m_TagString: Untagged
  m_Icon: {fileID: 0}
  m_NavMeshLayer: 0
  m_StaticEditorFlags: 0
  m_IsActive: 1
--- !u!4 &4971248406883798
Transform:
  m_ObjectHideFlags: 1
  m_PrefabParentObject: {fileID: 0}
  m_PrefabInternal: {fileID: 100100000}
  m_GameObject: {fileID: 1319720190911410}
  m_LocalRotation: {x: 0, y: 0, z: 0, w: 1}
  m_LocalPosition: {x: 0, y: 0, z: 0}
  m_LocalScale: {x: 1, y: 1, z: 1}
  m_Children: []
  m_Father: {fileID: 0}
  m_RootOrder: 0
  m_LocalEulerAnglesHint: {x: 0, y: 0, z: 0}
--- !u!114 &114295939052167822
MonoBehaviour:
  m_ObjectHideFlags: 1
  m_PrefabParentObject: {fileID: 0}
  m_PrefabInternal: {fileID: 100100000}
  m_GameObject: {fileID: 1319720190911410}
  m_Enabled: 1
  m_EditorHideFlags: 0
  m_Script: {fileID: 11500000, guid: d4b0d3864c39db444844b42834de9f04, type: 3}
  m_Name: 
  m_EditorClassIdentifier: 
  _sharedStateGuid: 
  _objectReferences:
  - {fileID: 8400000, guid: f43a0588d478d9e41b5c5803e7e84074, type: 2}
  - {fileID: 8400000, guid: a0e6d54c9db20234a9b3e7a056ffdede, type: 2}
  - {fileID: 8400000, guid: 39e0bcb95e2a5084da7bebafda8834ca, type: 2}
  - {fileID: 8400000, guid: 1275ad69addfe3449b194d559acae2bc, type: 2}
  _serializedStateKeys:
  - CurrentPlayer
  - state
  - players
  - monsters
  - facePlayers
  _serializedStateValues:
  - 
  - 0
  - '[]'
  - '[]'
  - '[0,1,2,3]'
  state: 0
  players: []
  monsters: []
  facePlayers:
  - {fileID: 8400000, guid: f43a0588d478d9e41b5c5803e7e84074, type: 2}
  - {fileID: 8400000, guid: a0e6d54c9db20234a9b3e7a056ffdede, type: 2}
  - {fileID: 8400000, guid: 39e0bcb95e2a5084da7bebafda8834ca, type: 2}
  - {fileID: 8400000, guid: 1275ad69addfe3449b194d559acae2bc, type: 2}
  path: {fileID: 0}
  dice: {fileID: 0}
  prefabPlayerModel: {fileID: 1271195546720204, guid: c69ab3ccf7754c2469b6f69d9825b839,
    type: 2}
  prefabPlayerHud: {fileID: 1032437615540606, guid: 01cee693613611d4e9b2275858d8e9e0,
    type: 2}
  prefabOrders: {fileID: 1228178869055060, guid: 89d867f63704d0644944d73cc0a03427,
    type: 2}
  prefabPlayerCard: {fileID: 1460678474697304, guid: 0206b6fc45640b44ba63db662ddf8f0a,
    type: 2}
  prefabMonsterModel: {fileID: 1599292606570092, guid: 22fda937b6f08f34aac9088e264465e1,
    type: 2}
  prefabTarget: {fileID: 1902507066591200, guid: 57bb2cd22f8f78744854ca69b6e88455,
    type: 2}
  panelPlayer: {fileID: 0}
  panelShop: {fileID: 0}
  panelEvent: {fileID: 0}
  panelCard: {fileID: 0}
  panelRoll: {fileID: 0}
  panelRoulette: {fileID: 0}
  panelOrder: {fileID: 0}
  panelChooseOrder: {fileID: 0}
  panelTurn: {fileID: 0}
  panelTarget: {fileID: 0}
  panelResult: {fileID: 0}
  containerPlayers: {fileID: 0}
  containerOrders: {fileID: 0}
  containerCard: {fileID: 0}
  containerTarget: {fileID: 0}
--- !u!114 &114791867557696980
MonoBehaviour:
  m_ObjectHideFlags: 1
  m_PrefabParentObject: {fileID: 0}
  m_PrefabInternal: {fileID: 100100000}
  m_GameObject: {fileID: 1319720190911410}
  m_Enabled: 1
  m_EditorHideFlags: 0
  m_Script: {fileID: 11500000, guid: bf8b27fb97e747244b2f776a680f1b4f, type: 3}
  m_Name: 
  m_EditorClassIdentifier: 
  battlePoints: []
  state: 0
