%YAML 1.1
%TAG !u! tag:unity3d.com,2011:
--- !u!29 &1
OcclusionCullingSettings:
  m_ObjectHideFlags: 0
  serializedVersion: 2
  m_OcclusionBakeSettings:
    smallestOccluder: 5
    smallestHole: 0.25
    backfaceThreshold: 100
  m_SceneGUID: 00000000000000000000000000000000
  m_OcclusionCullingData: {fileID: 0}
--- !u!104 &2
RenderSettings:
  m_ObjectHideFlags: 0
  serializedVersion: 8
  m_Fog: 0
  m_FogColor: {r: 0.5, g: 0.5, b: 0.5, a: 1}
  m_FogMode: 3
  m_FogDensity: 0.01
  m_LinearFogStart: 0
  m_LinearFogEnd: 300
  m_AmbientSkyColor: {r: 0.212, g: 0.227, b: 0.259, a: 1}
  m_AmbientEquatorColor: {r: 0.114, g: 0.125, b: 0.133, a: 1}
  m_AmbientGroundColor: {r: 0.047, g: 0.043, b: 0.035, a: 1}
  m_AmbientIntensity: 1
  m_AmbientMode: 0
  m_SubtractiveShadowColor: {r: 0.42, g: 0.478, b: 0.627, a: 1}
  m_SkyboxMaterial: {fileID: 10304, guid: 0000000000000000f000000000000000, type: 0}
  m_HaloStrength: 0.5
  m_FlareStrength: 1
  m_FlareFadeSpeed: 3
  m_HaloTexture: {fileID: 0}
  m_SpotCookie: {fileID: 10001, guid: 0000000000000000e000000000000000, type: 0}
  m_DefaultReflectionMode: 0
  m_DefaultReflectionResolution: 128
  m_ReflectionBounces: 1
  m_ReflectionIntensity: 1
  m_CustomReflection: {fileID: 0}
  m_Sun: {fileID: 0}
  m_IndirectSpecularColor: {r: 0.44657898, g: 0.4964133, b: 0.5748178, a: 1}
--- !u!157 &3
LightmapSettings:
  m_ObjectHideFlags: 0
  serializedVersion: 11
  m_GIWorkflowMode: 0
  m_GISettings:
    serializedVersion: 2
    m_BounceScale: 1
    m_IndirectOutputScale: 1
    m_AlbedoBoost: 1
    m_TemporalCoherenceThreshold: 1
    m_EnvironmentLightingMode: 0
    m_EnableBakedLightmaps: 1
    m_EnableRealtimeLightmaps: 1
  m_LightmapEditorSettings:
    serializedVersion: 9
    m_Resolution: 2
    m_BakeResolution: 40
    m_TextureWidth: 1024
    m_TextureHeight: 1024
    m_AO: 0
    m_AOMaxDistance: 1
    m_CompAOExponent: 1
    m_CompAOExponentDirect: 0
    m_Padding: 2
    m_LightmapParameters: {fileID: 0}
    m_LightmapsBakeMode: 1
    m_TextureCompression: 1
    m_FinalGather: 0
    m_FinalGatherFiltering: 1
    m_FinalGatherRayCount: 256
    m_ReflectionCompression: 2
    m_MixedBakeMode: 2
    m_BakeBackend: 0
    m_PVRSampling: 1
    m_PVRDirectSampleCount: 32
    m_PVRSampleCount: 500
    m_PVRBounces: 2
    m_PVRFilterTypeDirect: 0
    m_PVRFilterTypeIndirect: 0
    m_PVRFilterTypeAO: 0
    m_PVRFilteringMode: 1
    m_PVRCulling: 1
    m_PVRFilteringGaussRadiusDirect: 1
    m_PVRFilteringGaussRadiusIndirect: 5
    m_PVRFilteringGaussRadiusAO: 2
    m_PVRFilteringAtrousPositionSigmaDirect: 0.5
    m_PVRFilteringAtrousPositionSigmaIndirect: 2
    m_PVRFilteringAtrousPositionSigmaAO: 1
  m_LightingDataAsset: {fileID: 0}
  m_UseShadowmask: 1
--- !u!196 &4
NavMeshSettings:
  serializedVersion: 2
  m_ObjectHideFlags: 0
  m_BuildSettings:
    serializedVersion: 2
    agentTypeID: 0
    agentRadius: 0.5
    agentHeight: 2
    agentSlope: 45
    agentClimb: 0.4
    ledgeDropHeight: 0
    maxJumpAcrossDistance: 0
    minRegionArea: 2
    manualCellSize: 0
    cellSize: 0.16666667
    manualTileSize: 0
    tileSize: 256
    accuratePlacement: 0
    debug:
      m_Flags: 0
  m_NavMeshData: {fileID: 0}
--- !u!1 &3585083
GameObject:
  m_ObjectHideFlags: 0
  m_PrefabParentObject: {fileID: 0}
  m_PrefabInternal: {fileID: 0}
  serializedVersion: 5
  m_Component:
  - component: {fileID: 3585084}
  - component: {fileID: 3585086}
  - component: {fileID: 3585085}
  m_Layer: 5
  m_Name: Panel_EditTeam
  m_TagString: Untagged
  m_Icon: {fileID: 0}
  m_NavMeshLayer: 0
  m_StaticEditorFlags: 0
  m_IsActive: 0
--- !u!224 &3585084
RectTransform:
  m_ObjectHideFlags: 0
  m_PrefabParentObject: {fileID: 0}
  m_PrefabInternal: {fileID: 0}
  m_GameObject: {fileID: 3585083}
  m_LocalRotation: {x: -0, y: -0, z: -0, w: 1}
  m_LocalPosition: {x: 0, y: 0, z: 0}
  m_LocalScale: {x: 0.9996688, y: 0.9996688, z: 0.9996688}
  m_Children: []
  m_Father: {fileID: 1372087160}
  m_RootOrder: 1
  m_LocalEulerAnglesHint: {x: 0, y: 0, z: 0}
  m_AnchorMin: {x: 0, y: 0}
  m_AnchorMax: {x: 1, y: 1}
  m_AnchoredPosition: {x: 0, y: 0.0000029802322}
  m_SizeDelta: {x: 0, y: 0}
  m_Pivot: {x: 0.5, y: 0.5}
--- !u!114 &3585085
MonoBehaviour:
  m_ObjectHideFlags: 0
  m_PrefabParentObject: {fileID: 0}
  m_PrefabInternal: {fileID: 0}
  m_GameObject: {fileID: 3585083}
  m_Enabled: 1
  m_EditorHideFlags: 0
  m_Script: {fileID: -765806418, guid: f70555f144d8491a825f0804e09c671c, type: 3}
  m_Name: 
  m_EditorClassIdentifier: 
  m_Material: {fileID: 0}
  m_Color: {r: 1, g: 1, b: 1, a: 0.392}
  m_RaycastTarget: 1
  m_OnCullStateChanged:
    m_PersistentCalls:
      m_Calls: []
    m_TypeName: UnityEngine.UI.MaskableGraphic+CullStateChangedEvent, UnityEngine.UI,
      Version=1.0.0.0, Culture=neutral, PublicKeyToken=null
  m_Sprite: {fileID: 10907, guid: 0000000000000000f000000000000000, type: 0}
  m_Type: 1
  m_PreserveAspect: 0
  m_FillCenter: 1
  m_FillMethod: 4
  m_FillAmount: 1
  m_FillClockwise: 1
  m_FillOrigin: 0
--- !u!222 &3585086
CanvasRenderer:
  m_ObjectHideFlags: 0
  m_PrefabParentObject: {fileID: 0}
  m_PrefabInternal: {fileID: 0}
  m_GameObject: {fileID: 3585083}
--- !u!1001 &209610650
Prefab:
  m_ObjectHideFlags: 0
  serializedVersion: 2
  m_Modification:
    m_TransformParent: {fileID: 1372087160}
    m_Modifications:
    - target: {fileID: 224194937197241398, guid: 0b21ae95a21a7a84791debd678cac089,
        type: 2}
      propertyPath: m_LocalPosition.x
      value: 0
      objectReference: {fileID: 0}
    - target: {fileID: 224194937197241398, guid: 0b21ae95a21a7a84791debd678cac089,
        type: 2}
      propertyPath: m_LocalPosition.y
      value: 0
      objectReference: {fileID: 0}
    - target: {fileID: 224194937197241398, guid: 0b21ae95a21a7a84791debd678cac089,
        type: 2}
      propertyPath: m_LocalPosition.z
      value: 0
      objectReference: {fileID: 0}
    - target: {fileID: 224194937197241398, guid: 0b21ae95a21a7a84791debd678cac089,
        type: 2}
      propertyPath: m_LocalRotation.x
      value: 0
      objectReference: {fileID: 0}
    - target: {fileID: 224194937197241398, guid: 0b21ae95a21a7a84791debd678cac089,
        type: 2}
      propertyPath: m_LocalRotation.y
      value: 0
      objectReference: {fileID: 0}
    - target: {fileID: 224194937197241398, guid: 0b21ae95a21a7a84791debd678cac089,
        type: 2}
      propertyPath: m_LocalRotation.z
      value: 0
      objectReference: {fileID: 0}
    - target: {fileID: 224194937197241398, guid: 0b21ae95a21a7a84791debd678cac089,
        type: 2}
      propertyPath: m_LocalRotation.w
      value: 1
      objectReference: {fileID: 0}
    - target: {fileID: 224194937197241398, guid: 0b21ae95a21a7a84791debd678cac089,
        type: 2}
      propertyPath: m_RootOrder
      value: 0
      objectReference: {fileID: 0}
    - target: {fileID: 224194937197241398, guid: 0b21ae95a21a7a84791debd678cac089,
        type: 2}
      propertyPath: m_AnchoredPosition.x
      value: 0
      objectReference: {fileID: 0}
    - target: {fileID: 224194937197241398, guid: 0b21ae95a21a7a84791debd678cac089,
        type: 2}
      propertyPath: m_AnchoredPosition.y
      value: 0
      objectReference: {fileID: 0}
    - target: {fileID: 224194937197241398, guid: 0b21ae95a21a7a84791debd678cac089,
        type: 2}
      propertyPath: m_SizeDelta.x
      value: 0
      objectReference: {fileID: 0}
    - target: {fileID: 224194937197241398, guid: 0b21ae95a21a7a84791debd678cac089,
        type: 2}
      propertyPath: m_SizeDelta.y
      value: 0
      objectReference: {fileID: 0}
    - target: {fileID: 224194937197241398, guid: 0b21ae95a21a7a84791debd678cac089,
        type: 2}
      propertyPath: m_AnchorMin.x
      value: 0
      objectReference: {fileID: 0}
    - target: {fileID: 224194937197241398, guid: 0b21ae95a21a7a84791debd678cac089,
        type: 2}
      propertyPath: m_AnchorMin.y
      value: 0
      objectReference: {fileID: 0}
    - target: {fileID: 224194937197241398, guid: 0b21ae95a21a7a84791debd678cac089,
        type: 2}
      propertyPath: m_AnchorMax.x
      value: 1
      objectReference: {fileID: 0}
    - target: {fileID: 224194937197241398, guid: 0b21ae95a21a7a84791debd678cac089,
        type: 2}
      propertyPath: m_AnchorMax.y
      value: 1
      objectReference: {fileID: 0}
    - target: {fileID: 224194937197241398, guid: 0b21ae95a21a7a84791debd678cac089,
        type: 2}
      propertyPath: m_Pivot.x
      value: 0.5
      objectReference: {fileID: 0}
    - target: {fileID: 224194937197241398, guid: 0b21ae95a21a7a84791debd678cac089,
        type: 2}
      propertyPath: m_Pivot.y
      value: 0.5
      objectReference: {fileID: 0}
    - target: {fileID: 224026138056704592, guid: 0b21ae95a21a7a84791debd678cac089,
        type: 2}
      propertyPath: m_LocalPosition.x
      value: 67.24004
      objectReference: {fileID: 0}
    - target: {fileID: 224624048438162680, guid: 0b21ae95a21a7a84791debd678cac089,
        type: 2}
      propertyPath: m_LocalPosition.x
      value: -25.257042
      objectReference: {fileID: 0}
    - target: {fileID: 224138811075330658, guid: 0b21ae95a21a7a84791debd678cac089,
        type: 2}
      propertyPath: m_LocalPosition.x
      value: -89.44959
      objectReference: {fileID: 0}
    - target: {fileID: 224706183459484218, guid: 0b21ae95a21a7a84791debd678cac089,
        type: 2}
      propertyPath: m_LocalPosition.x
      value: 42.5
      objectReference: {fileID: 0}
    - target: {fileID: 224069867700980498, guid: 0b21ae95a21a7a84791debd678cac089,
        type: 2}
      propertyPath: m_LocalPosition.x
      value: -42.5
      objectReference: {fileID: 0}
    - target: {fileID: 224674245141286008, guid: 0b21ae95a21a7a84791debd678cac089,
        type: 2}
      propertyPath: m_LocalPosition.x
      value: 67.24004
      objectReference: {fileID: 0}
    - target: {fileID: 224014261543844106, guid: 0b21ae95a21a7a84791debd678cac089,
        type: 2}
      propertyPath: m_LocalPosition.x
      value: -25.257042
      objectReference: {fileID: 0}
    - target: {fileID: 224164584527839050, guid: 0b21ae95a21a7a84791debd678cac089,
        type: 2}
      propertyPath: m_LocalPosition.x
      value: -89.44959
      objectReference: {fileID: 0}
    - target: {fileID: 224889404736925960, guid: 0b21ae95a21a7a84791debd678cac089,
        type: 2}
      propertyPath: m_LocalPosition.x
      value: 42.5
      objectReference: {fileID: 0}
    - target: {fileID: 224852330610797542, guid: 0b21ae95a21a7a84791debd678cac089,
        type: 2}
      propertyPath: m_LocalPosition.x
      value: -42.5
      objectReference: {fileID: 0}
    - target: {fileID: 224259227786968794, guid: 0b21ae95a21a7a84791debd678cac089,
        type: 2}
      propertyPath: m_LocalPosition.x
      value: 67.24004
      objectReference: {fileID: 0}
    - target: {fileID: 224978020331274304, guid: 0b21ae95a21a7a84791debd678cac089,
        type: 2}
      propertyPath: m_LocalPosition.x
      value: -25.257042
      objectReference: {fileID: 0}
    - target: {fileID: 224583241794901152, guid: 0b21ae95a21a7a84791debd678cac089,
        type: 2}
      propertyPath: m_LocalPosition.x
      value: -89.44959
      objectReference: {fileID: 0}
    - target: {fileID: 224239304026555176, guid: 0b21ae95a21a7a84791debd678cac089,
        type: 2}
      propertyPath: m_LocalPosition.x
      value: 42.5
      objectReference: {fileID: 0}
    - target: {fileID: 224983762386751538, guid: 0b21ae95a21a7a84791debd678cac089,
        type: 2}
      propertyPath: m_LocalPosition.x
      value: -42.5
      objectReference: {fileID: 0}
    - target: {fileID: 224485532538050326, guid: 0b21ae95a21a7a84791debd678cac089,
        type: 2}
      propertyPath: m_LocalPosition.x
      value: 67.24004
      objectReference: {fileID: 0}
    - target: {fileID: 224651668857626350, guid: 0b21ae95a21a7a84791debd678cac089,
        type: 2}
      propertyPath: m_LocalPosition.x
      value: -25.257042
      objectReference: {fileID: 0}
    - target: {fileID: 224950941916713480, guid: 0b21ae95a21a7a84791debd678cac089,
        type: 2}
      propertyPath: m_LocalPosition.x
      value: -89.44959
      objectReference: {fileID: 0}
    - target: {fileID: 224832674037379086, guid: 0b21ae95a21a7a84791debd678cac089,
        type: 2}
      propertyPath: m_LocalPosition.x
      value: 42.5
      objectReference: {fileID: 0}
    - target: {fileID: 224760815253039210, guid: 0b21ae95a21a7a84791debd678cac089,
        type: 2}
      propertyPath: m_LocalPosition.x
      value: -42.5
      objectReference: {fileID: 0}
    - target: {fileID: 224339424394273366, guid: 0b21ae95a21a7a84791debd678cac089,
        type: 2}
      propertyPath: m_LocalPosition.x
      value: 457.03424
      objectReference: {fileID: 0}
    - target: {fileID: 224339424394273366, guid: 0b21ae95a21a7a84791debd678cac089,
        type: 2}
      propertyPath: m_LocalPosition.y
      value: 350.01962
      objectReference: {fileID: 0}
    - target: {fileID: 224479087815248918, guid: 0b21ae95a21a7a84791debd678cac089,
        type: 2}
      propertyPath: m_LocalPosition.x
      value: -152.34471
      objectReference: {fileID: 0}
    - target: {fileID: 224479087815248918, guid: 0b21ae95a21a7a84791debd678cac089,
        type: 2}
      propertyPath: m_LocalPosition.y
      value: 350.01962
      objectReference: {fileID: 0}
    - target: {fileID: 224599261797373084, guid: 0b21ae95a21a7a84791debd678cac089,
        type: 2}
      propertyPath: m_LocalPosition.x
      value: 176.00674
      objectReference: {fileID: 0}
    - target: {fileID: 224599261797373084, guid: 0b21ae95a21a7a84791debd678cac089,
        type: 2}
      propertyPath: m_LocalPosition.y
      value: -229.58049
      objectReference: {fileID: 0}
    - target: {fileID: 224117995922665438, guid: 0b21ae95a21a7a84791debd678cac089,
        type: 2}
      propertyPath: m_LocalPosition.y
      value: -229.48236
      objectReference: {fileID: 0}
    - target: {fileID: 224058963142584216, guid: 0b21ae95a21a7a84791debd678cac089,
        type: 2}
      propertyPath: m_LocalPosition.x
      value: 127.91072
      objectReference: {fileID: 0}
    - target: {fileID: 224058963142584216, guid: 0b21ae95a21a7a84791debd678cac089,
        type: 2}
      propertyPath: m_LocalPosition.y
      value: -1.0193596
      objectReference: {fileID: 0}
    - target: {fileID: 224708238617563404, guid: 0b21ae95a21a7a84791debd678cac089,
        type: 2}
      propertyPath: m_LocalPosition.x
      value: -0.0004272461
      objectReference: {fileID: 0}
    - target: {fileID: 224708238617563404, guid: 0b21ae95a21a7a84791debd678cac089,
        type: 2}
      propertyPath: m_LocalPosition.y
      value: 405.45157
      objectReference: {fileID: 0}
    - target: {fileID: 224433729360782840, guid: 0b21ae95a21a7a84791debd678cac089,
        type: 2}
      propertyPath: m_LocalPosition.x
      value: -176.00674
      objectReference: {fileID: 0}
    - target: {fileID: 224433729360782840, guid: 0b21ae95a21a7a84791debd678cac089,
        type: 2}
      propertyPath: m_LocalPosition.y
      value: -229.58049
      objectReference: {fileID: 0}
    - target: {fileID: 224899427235006366, guid: 0b21ae95a21a7a84791debd678cac089,
        type: 2}
      propertyPath: m_LocalPosition.x
      value: 0.0004272461
      objectReference: {fileID: 0}
    - target: {fileID: 224443069976279980, guid: 0b21ae95a21a7a84791debd678cac089,
        type: 2}
      propertyPath: m_LocalPosition.x
      value: -88.624084
      objectReference: {fileID: 0}
    - target: {fileID: 224443069976279980, guid: 0b21ae95a21a7a84791debd678cac089,
        type: 2}
      propertyPath: m_LocalPosition.y
      value: -386.854
      objectReference: {fileID: 0}
    - target: {fileID: 224218564948636854, guid: 0b21ae95a21a7a84791debd678cac089,
        type: 2}
      propertyPath: m_LocalPosition.x
      value: 204.98605
      objectReference: {fileID: 0}
    - target: {fileID: 224956713312191974, guid: 0b21ae95a21a7a84791debd678cac089,
        type: 2}
      propertyPath: m_LocalPosition.x
      value: 558.2529
      objectReference: {fileID: 0}
    - target: {fileID: 224956713312191974, guid: 0b21ae95a21a7a84791debd678cac089,
        type: 2}
      propertyPath: m_LocalPosition.y
      value: -243.6768
      objectReference: {fileID: 0}
    - target: {fileID: 224831838004974180, guid: 0b21ae95a21a7a84791debd678cac089,
        type: 2}
      propertyPath: m_LocalPosition.x
      value: 204.98605
      objectReference: {fileID: 0}
    - target: {fileID: 224831838004974180, guid: 0b21ae95a21a7a84791debd678cac089,
        type: 2}
      propertyPath: m_LocalPosition.y
      value: -75
      objectReference: {fileID: 0}
    - target: {fileID: 224148853510237416, guid: 0b21ae95a21a7a84791debd678cac089,
        type: 2}
      propertyPath: m_LocalPosition.x
      value: -175.41174
      objectReference: {fileID: 0}
    - target: {fileID: 224148853510237416, guid: 0b21ae95a21a7a84791debd678cac089,
        type: 2}
      propertyPath: m_LocalPosition.y
      value: 18.339294
      objectReference: {fileID: 0}
    - target: {fileID: 224165157951060454, guid: 0b21ae95a21a7a84791debd678cac089,
        type: 2}
      propertyPath: m_LocalPosition.x
      value: -645.5794
      objectReference: {fileID: 0}
    - target: {fileID: 224165157951060454, guid: 0b21ae95a21a7a84791debd678cac089,
        type: 2}
      propertyPath: m_LocalPosition.y
      value: -386.87537
      objectReference: {fileID: 0}
    - target: {fileID: 224653318325007214, guid: 0b21ae95a21a7a84791debd678cac089,
        type: 2}
      propertyPath: m_LocalPosition.x
      value: 152.34473
      objectReference: {fileID: 0}
    - target: {fileID: 224653318325007214, guid: 0b21ae95a21a7a84791debd678cac089,
        type: 2}
      propertyPath: m_LocalPosition.y
      value: 350.01962
      objectReference: {fileID: 0}
    - target: {fileID: 224735129095054028, guid: 0b21ae95a21a7a84791debd678cac089,
        type: 2}
      propertyPath: m_LocalPosition.x
      value: 204.98605
      objectReference: {fileID: 0}
    - target: {fileID: 224735129095054028, guid: 0b21ae95a21a7a84791debd678cac089,
        type: 2}
      propertyPath: m_LocalPosition.y
      value: -175
      objectReference: {fileID: 0}
    - target: {fileID: 224071721961617318, guid: 0b21ae95a21a7a84791debd678cac089,
        type: 2}
      propertyPath: m_LocalPosition.x
      value: 204.98605
      objectReference: {fileID: 0}
    - target: {fileID: 224071721961617318, guid: 0b21ae95a21a7a84791debd678cac089,
        type: 2}
      propertyPath: m_LocalPosition.y
      value: -125
      objectReference: {fileID: 0}
    - target: {fileID: 224634044386870990, guid: 0b21ae95a21a7a84791debd678cac089,
        type: 2}
      propertyPath: m_LocalPosition.x
      value: -457.03424
      objectReference: {fileID: 0}
    - target: {fileID: 224634044386870990, guid: 0b21ae95a21a7a84791debd678cac089,
        type: 2}
      propertyPath: m_LocalPosition.y
      value: 350.01962
      objectReference: {fileID: 0}
    - target: {fileID: 224598174240505350, guid: 0b21ae95a21a7a84791debd678cac089,
        type: 2}
      propertyPath: m_LocalPosition.x
      value: -176.00674
      objectReference: {fileID: 0}
    - target: {fileID: 224598174240505350, guid: 0b21ae95a21a7a84791debd678cac089,
        type: 2}
      propertyPath: m_LocalPosition.y
      value: -229.58049
      objectReference: {fileID: 0}
    - target: {fileID: 224475032487498494, guid: 0b21ae95a21a7a84791debd678cac089,
        type: 2}
      propertyPath: m_LocalPosition.x
      value: 557.8583
      objectReference: {fileID: 0}
    - target: {fileID: 224475032487498494, guid: 0b21ae95a21a7a84791debd678cac089,
        type: 2}
      propertyPath: m_LocalPosition.y
      value: 90.5466
      objectReference: {fileID: 0}
    - target: {fileID: 224704446375915326, guid: 0b21ae95a21a7a84791debd678cac089,
        type: 2}
      propertyPath: m_LocalPosition.x
      value: -45.03911
      objectReference: {fileID: 0}
    - target: {fileID: 224704446375915326, guid: 0b21ae95a21a7a84791debd678cac089,
        type: 2}
      propertyPath: m_LocalPosition.y
      value: -1.0194588
      objectReference: {fileID: 0}
    - target: {fileID: 224895173783476396, guid: 0b21ae95a21a7a84791debd678cac089,
        type: 2}
      propertyPath: m_LocalPosition.y
      value: 32.350082
      objectReference: {fileID: 0}
    - target: {fileID: 224978419817170784, guid: 0b21ae95a21a7a84791debd678cac089,
        type: 2}
      propertyPath: m_LocalPosition.x
      value: 558.2779
      objectReference: {fileID: 0}
    - target: {fileID: 224978419817170784, guid: 0b21ae95a21a7a84791debd678cac089,
        type: 2}
      propertyPath: m_LocalPosition.y
      value: -386.5797
      objectReference: {fileID: 0}
    - target: {fileID: 224218564948636854, guid: 0b21ae95a21a7a84791debd678cac089,
        type: 2}
      propertyPath: m_AnchoredPosition.y
      value: 0
      objectReference: {fileID: 0}
    - target: {fileID: 224831838004974180, guid: 0b21ae95a21a7a84791debd678cac089,
        type: 2}
      propertyPath: m_AnchorMin.y
      value: 1
      objectReference: {fileID: 0}
    - target: {fileID: 224831838004974180, guid: 0b21ae95a21a7a84791debd678cac089,
        type: 2}
      propertyPath: m_AnchorMax.y
      value: 1
      objectReference: {fileID: 0}
    - target: {fileID: 224831838004974180, guid: 0b21ae95a21a7a84791debd678cac089,
        type: 2}
      propertyPath: m_AnchoredPosition.x
      value: 173.7056
      objectReference: {fileID: 0}
    - target: {fileID: 224831838004974180, guid: 0b21ae95a21a7a84791debd678cac089,
        type: 2}
      propertyPath: m_AnchoredPosition.y
      value: 0
      objectReference: {fileID: 0}
    - target: {fileID: 224831838004974180, guid: 0b21ae95a21a7a84791debd678cac089,
        type: 2}
      propertyPath: m_SizeDelta.x
      value: 347.4112
      objectReference: {fileID: 0}
    - target: {fileID: 224071721961617318, guid: 0b21ae95a21a7a84791debd678cac089,
        type: 2}
      propertyPath: m_AnchorMin.y
      value: 1
      objectReference: {fileID: 0}
    - target: {fileID: 224071721961617318, guid: 0b21ae95a21a7a84791debd678cac089,
        type: 2}
      propertyPath: m_AnchorMax.y
      value: 1
      objectReference: {fileID: 0}
    - target: {fileID: 224071721961617318, guid: 0b21ae95a21a7a84791debd678cac089,
        type: 2}
      propertyPath: m_AnchoredPosition.x
      value: 173.7056
      objectReference: {fileID: 0}
    - target: {fileID: 224071721961617318, guid: 0b21ae95a21a7a84791debd678cac089,
        type: 2}
      propertyPath: m_AnchoredPosition.y
      value: 0
      objectReference: {fileID: 0}
    - target: {fileID: 224071721961617318, guid: 0b21ae95a21a7a84791debd678cac089,
        type: 2}
      propertyPath: m_SizeDelta.x
      value: 347.4112
      objectReference: {fileID: 0}
    - target: {fileID: 224735129095054028, guid: 0b21ae95a21a7a84791debd678cac089,
        type: 2}
      propertyPath: m_AnchorMin.y
      value: 1
      objectReference: {fileID: 0}
    - target: {fileID: 224735129095054028, guid: 0b21ae95a21a7a84791debd678cac089,
        type: 2}
      propertyPath: m_AnchorMax.y
      value: 1
      objectReference: {fileID: 0}
    - target: {fileID: 224735129095054028, guid: 0b21ae95a21a7a84791debd678cac089,
        type: 2}
      propertyPath: m_AnchoredPosition.x
      value: 173.7056
      objectReference: {fileID: 0}
    - target: {fileID: 224735129095054028, guid: 0b21ae95a21a7a84791debd678cac089,
        type: 2}
      propertyPath: m_AnchoredPosition.y
      value: 0
      objectReference: {fileID: 0}
    - target: {fileID: 224735129095054028, guid: 0b21ae95a21a7a84791debd678cac089,
        type: 2}
      propertyPath: m_SizeDelta.x
      value: 347.4112
      objectReference: {fileID: 0}
    - target: {fileID: 224248559486855958, guid: 0b21ae95a21a7a84791debd678cac089,
        type: 2}
      propertyPath: m_SizeDelta.y
      value: 0
      objectReference: {fileID: 0}
    - target: {fileID: 224634044386870990, guid: 0b21ae95a21a7a84791debd678cac089,
        type: 2}
      propertyPath: m_AnchoredPosition.y
      value: 0
      objectReference: {fileID: 0}
    - target: {fileID: 224479087815248918, guid: 0b21ae95a21a7a84791debd678cac089,
        type: 2}
      propertyPath: m_AnchoredPosition.y
      value: 0
      objectReference: {fileID: 0}
    - target: {fileID: 224653318325007214, guid: 0b21ae95a21a7a84791debd678cac089,
        type: 2}
      propertyPath: m_AnchoredPosition.y
      value: 0
      objectReference: {fileID: 0}
    - target: {fileID: 224339424394273366, guid: 0b21ae95a21a7a84791debd678cac089,
        type: 2}
      propertyPath: m_AnchoredPosition.y
      value: 0
      objectReference: {fileID: 0}
    - target: {fileID: 224479087815248918, guid: 0b21ae95a21a7a84791debd678cac089,
        type: 2}
      propertyPath: m_AnchoredPosition.x
      value: 422.61957
      objectReference: {fileID: 0}
    - target: {fileID: 224339424394273366, guid: 0b21ae95a21a7a84791debd678cac089,
        type: 2}
      propertyPath: m_AnchoredPosition.x
      value: 932.7791
      objectReference: {fileID: 0}
    - target: {fileID: 224218564948636854, guid: 0b21ae95a21a7a84791debd678cac089,
        type: 2}
      propertyPath: m_LocalPosition.y
      value: -25
      objectReference: {fileID: 0}
    - target: {fileID: 224248559486855958, guid: 0b21ae95a21a7a84791debd678cac089,
        type: 2}
      propertyPath: m_AnchoredPosition.y
      value: 453.20105
      objectReference: {fileID: 0}
    - target: {fileID: 224634044386870990, guid: 0b21ae95a21a7a84791debd678cac089,
        type: 2}
      propertyPath: m_AnchoredPosition.x
      value: 167.53986
      objectReference: {fileID: 0}
    - target: {fileID: 224634044386870990, guid: 0b21ae95a21a7a84791debd678cac089,
        type: 2}
      propertyPath: m_SizeDelta.x
      value: 235.07971
      objectReference: {fileID: 0}
    - target: {fileID: 224479087815248918, guid: 0b21ae95a21a7a84791debd678cac089,
        type: 2}
      propertyPath: m_SizeDelta.x
      value: 235.07971
      objectReference: {fileID: 0}
    - target: {fileID: 224653318325007214, guid: 0b21ae95a21a7a84791debd678cac089,
        type: 2}
      propertyPath: m_AnchoredPosition.x
      value: 677.69934
      objectReference: {fileID: 0}
    - target: {fileID: 224653318325007214, guid: 0b21ae95a21a7a84791debd678cac089,
        type: 2}
      propertyPath: m_SizeDelta.x
      value: 235.07971
      objectReference: {fileID: 0}
    - target: {fileID: 224339424394273366, guid: 0b21ae95a21a7a84791debd678cac089,
        type: 2}
      propertyPath: m_SizeDelta.x
      value: 235.07971
      objectReference: {fileID: 0}
    - target: {fileID: 224218564948636854, guid: 0b21ae95a21a7a84791debd678cac089,
        type: 2}
      propertyPath: m_AnchoredPosition.x
      value: 173.7056
      objectReference: {fileID: 0}
    - target: {fileID: 224218564948636854, guid: 0b21ae95a21a7a84791debd678cac089,
        type: 2}
      propertyPath: m_SizeDelta.x
      value: 347.4112
      objectReference: {fileID: 0}
    - target: {fileID: 224248559486855958, guid: 0b21ae95a21a7a84791debd678cac089,
        type: 2}
      propertyPath: m_LocalPosition.y
      value: 453.20105
      objectReference: {fileID: 0}
    m_RemovedComponents: []
  m_ParentPrefab: {fileID: 100100000, guid: 0b21ae95a21a7a84791debd678cac089, type: 2}
  m_IsPrefabParent: 0
--- !u!1 &419051520
GameObject:
  m_ObjectHideFlags: 0
  m_PrefabParentObject: {fileID: 0}
  m_PrefabInternal: {fileID: 0}
  serializedVersion: 5
  m_Component:
  - component: {fileID: 419051524}
  - component: {fileID: 419051521}
  - component: {fileID: 419051523}
  - component: {fileID: 419051522}
  m_Layer: 0
  m_Name: UI Camera
  m_TagString: MainCamera
  m_Icon: {fileID: 0}
  m_NavMeshLayer: 0
  m_StaticEditorFlags: 0
  m_IsActive: 1
--- !u!20 &419051521
Camera:
  m_ObjectHideFlags: 0
  m_PrefabParentObject: {fileID: 0}
  m_PrefabInternal: {fileID: 0}
  m_GameObject: {fileID: 419051520}
  m_Enabled: 1
  serializedVersion: 2
  m_ClearFlags: 3
  m_BackGroundColor: {r: 0, g: 0, b: 0, a: 0.434}
  m_NormalizedViewPortRect:
    serializedVersion: 2
    x: 0
    y: 0
    width: 1
    height: 1
  near clip plane: 0.3
  far clip plane: 1000
  field of view: 60
  orthographic: 1
  orthographic size: 5
  m_Depth: 1
  m_CullingMask:
    serializedVersion: 2
    m_Bits: 32
  m_RenderingPath: -1
  m_TargetTexture: {fileID: 0}
  m_TargetDisplay: 0
  m_TargetEye: 3
  m_HDR: 0
  m_AllowMSAA: 0
  m_ForceIntoRT: 0
  m_OcclusionCulling: 0
  m_StereoConvergence: 10
  m_StereoSeparation: 0.022
--- !u!81 &419051522
AudioListener:
  m_ObjectHideFlags: 0
  m_PrefabParentObject: {fileID: 0}
  m_PrefabInternal: {fileID: 0}
  m_GameObject: {fileID: 419051520}
  m_Enabled: 0
--- !u!124 &419051523
Behaviour:
  m_ObjectHideFlags: 0
  m_PrefabParentObject: {fileID: 0}
  m_PrefabInternal: {fileID: 0}
  m_GameObject: {fileID: 419051520}
  m_Enabled: 1
--- !u!4 &419051524
Transform:
  m_ObjectHideFlags: 0
  m_PrefabParentObject: {fileID: 0}
  m_PrefabInternal: {fileID: 0}
  m_GameObject: {fileID: 419051520}
  m_LocalRotation: {x: 0, y: 0, z: 0, w: 1}
  m_LocalPosition: {x: 0, y: 1, z: -10}
  m_LocalScale: {x: 1, y: 1, z: 1}
  m_Children: []
  m_Father: {fileID: 0}
  m_RootOrder: 3
  m_LocalEulerAnglesHint: {x: 0, y: 0, z: 0}
--- !u!1 &514071739
GameObject:
  m_ObjectHideFlags: 0
  m_PrefabParentObject: {fileID: 0}
  m_PrefabInternal: {fileID: 0}
  serializedVersion: 5
  m_Component:
  - component: {fileID: 514071741}
  - component: {fileID: 514071740}
  m_Layer: 0
  m_Name: CustomMatchController
  m_TagString: Untagged
  m_Icon: {fileID: 0}
  m_NavMeshLayer: 0
  m_StaticEditorFlags: 0
  m_IsActive: 1
--- !u!114 &514071740
MonoBehaviour:
  m_ObjectHideFlags: 0
  m_PrefabParentObject: {fileID: 0}
  m_PrefabInternal: {fileID: 0}
  m_GameObject: {fileID: 514071739}
  m_Enabled: 1
  m_EditorHideFlags: 0
  m_Script: {fileID: 11500000, guid: 576a6c449abb80a479ef5e229adecbbd, type: 3}
  m_Name: 
  m_EditorClassIdentifier: 
  containerJoin: {fileID: 1153435403}
  mode: 0
--- !u!4 &514071741
Transform:
  m_ObjectHideFlags: 0
  m_PrefabParentObject: {fileID: 0}
  m_PrefabInternal: {fileID: 0}
  m_GameObject: {fileID: 514071739}
  m_LocalRotation: {x: 0, y: 0, z: 0, w: 1}
  m_LocalPosition: {x: 0, y: 0, z: 0}
  m_LocalScale: {x: 1, y: 1, z: 1}
  m_Children: []
  m_Father: {fileID: 0}
  m_RootOrder: 2
  m_LocalEulerAnglesHint: {x: 0, y: 0, z: 0}
--- !u!1 &694598217
GameObject:
  m_ObjectHideFlags: 0
  m_PrefabParentObject: {fileID: 0}
  m_PrefabInternal: {fileID: 0}
  serializedVersion: 5
  m_Component:
  - component: {fileID: 694598221}
  - component: {fileID: 694598218}
  - component: {fileID: 694598220}
  - component: {fileID: 694598219}
  m_Layer: 0
  m_Name: Main Camera
  m_TagString: MainCamera
  m_Icon: {fileID: 0}
  m_NavMeshLayer: 0
  m_StaticEditorFlags: 0
  m_IsActive: 1
--- !u!20 &694598218
Camera:
  m_ObjectHideFlags: 0
  m_PrefabParentObject: {fileID: 0}
  m_PrefabInternal: {fileID: 0}
  m_GameObject: {fileID: 694598217}
  m_Enabled: 1
  serializedVersion: 2
  m_ClearFlags: 2
  m_BackGroundColor: {r: 0, g: 0, b: 0, a: 0.019607844}
  m_NormalizedViewPortRect:
    serializedVersion: 2
    x: 0
    y: 0
    width: 1
    height: 1
  near clip plane: 0.1
  far clip plane: 5000
  field of view: 40
  orthographic: 1
  orthographic size: 10
  m_Depth: -1
  m_CullingMask:
    serializedVersion: 2
    m_Bits: 4096
  m_RenderingPath: -1
  m_TargetTexture: {fileID: 0}
  m_TargetDisplay: 0
  m_TargetEye: 3
  m_HDR: 1
  m_AllowMSAA: 0
  m_ForceIntoRT: 0
  m_OcclusionCulling: 1
  m_StereoConvergence: 10
  m_StereoSeparation: 0.022
--- !u!81 &694598219
AudioListener:
  m_ObjectHideFlags: 0
  m_PrefabParentObject: {fileID: 0}
  m_PrefabInternal: {fileID: 0}
  m_GameObject: {fileID: 694598217}
  m_Enabled: 1
--- !u!124 &694598220
Behaviour:
  m_ObjectHideFlags: 0
  m_PrefabParentObject: {fileID: 0}
  m_PrefabInternal: {fileID: 0}
  m_GameObject: {fileID: 694598217}
  m_Enabled: 1
--- !u!4 &694598221
Transform:
  m_ObjectHideFlags: 0
  m_PrefabParentObject: {fileID: 0}
  m_PrefabInternal: {fileID: 0}
  m_GameObject: {fileID: 694598217}
  m_LocalRotation: {x: 0, y: 0, z: 0, w: 1}
  m_LocalPosition: {x: -1.9, y: 0, z: 69.4}
  m_LocalScale: {x: 1, y: 1, z: 1}
  m_Children: []
  m_Father: {fileID: 0}
  m_RootOrder: 0
  m_LocalEulerAnglesHint: {x: 0, y: 0, z: 0}
--- !u!1 &1104845168
GameObject:
  m_ObjectHideFlags: 1
  m_PrefabParentObject: {fileID: 0}
  m_PrefabInternal: {fileID: 0}
  serializedVersion: 5
  m_Component:
  - component: {fileID: 1104845171}
  - component: {fileID: 1104845170}
  - component: {fileID: 1104845169}
  m_Layer: 0
  m_Name: fiPersistentEditorStorage
  m_TagString: Untagged
  m_Icon: {fileID: 0}
  m_NavMeshLayer: 0
  m_StaticEditorFlags: 0
  m_IsActive: 1
--- !u!114 &1104845169
MonoBehaviour:
  m_ObjectHideFlags: 1
  m_PrefabParentObject: {fileID: 0}
  m_PrefabInternal: {fileID: 0}
  m_GameObject: {fileID: 1104845168}
  m_Enabled: 1
  m_EditorHideFlags: 0
  m_Script: {fileID: 11500000, guid: be205b8c5a2f88c408c5e5343719637c, type: 3}
  m_Name: 
  m_EditorClassIdentifier: 
  _keys:
  - {fileID: 1866749537}
  _values:
  - _keys: []
    _values: []
    _target: {fileID: 1866749537}
--- !u!114 &1104845170
MonoBehaviour:
  m_ObjectHideFlags: 1
  m_PrefabParentObject: {fileID: 0}
  m_PrefabInternal: {fileID: 0}
  m_GameObject: {fileID: 1104845168}
  m_Enabled: 1
  m_EditorHideFlags: 0
  m_Script: {fileID: 11500000, guid: f3b5fe0e79f64584a83676f21be2d2a7, type: 3}
  m_Name: 
  m_EditorClassIdentifier: 
  _keys:
  - {fileID: 1866749537}
  _values:
  - _keys:
    - DefaultBehaviorEditor.map.EditProperty
    _values:
    - _showDropdown: 1
      _serializedIsActive: 0
    _target: {fileID: 1866749537}
--- !u!4 &1104845171
Transform:
  m_ObjectHideFlags: 1
  m_PrefabParentObject: {fileID: 0}
  m_PrefabInternal: {fileID: 0}
  m_GameObject: {fileID: 1104845168}
  m_LocalRotation: {x: 0, y: 0, z: 0, w: 1}
  m_LocalPosition: {x: 0, y: 0, z: 0}
  m_LocalScale: {x: 1, y: 1, z: 1}
  m_Children: []
  m_Father: {fileID: 0}
  m_RootOrder: 7
  m_LocalEulerAnglesHint: {x: 0, y: 0, z: 0}
--- !u!114 &1153435403 stripped
MonoBehaviour:
  m_PrefabParentObject: {fileID: 114625588095803484, guid: 0b21ae95a21a7a84791debd678cac089,
    type: 2}
  m_PrefabInternal: {fileID: 209610650}
  m_Script: {fileID: 11500000, guid: 47d14262b35502443b1e61b940eb6eff, type: 3}
--- !u!1 &1372087156
GameObject:
  m_ObjectHideFlags: 0
  m_PrefabParentObject: {fileID: 0}
  m_PrefabInternal: {fileID: 0}
  serializedVersion: 5
  m_Component:
  - component: {fileID: 1372087160}
  - component: {fileID: 1372087159}
  - component: {fileID: 1372087158}
  - component: {fileID: 1372087157}
  m_Layer: 5
  m_Name: UI
  m_TagString: Untagged
  m_Icon: {fileID: 0}
  m_NavMeshLayer: 0
  m_StaticEditorFlags: 0
  m_IsActive: 1
--- !u!114 &1372087157
MonoBehaviour:
  m_ObjectHideFlags: 0
  m_PrefabParentObject: {fileID: 0}
  m_PrefabInternal: {fileID: 0}
  m_GameObject: {fileID: 1372087156}
  m_Enabled: 1
  m_EditorHideFlags: 0
  m_Script: {fileID: 1301386320, guid: f70555f144d8491a825f0804e09c671c, type: 3}
  m_Name: 
  m_EditorClassIdentifier: 
  m_IgnoreReversedGraphics: 1
  m_BlockingObjects: 0
  m_BlockingMask:
    serializedVersion: 2
    m_Bits: 4294967295
--- !u!114 &1372087158
MonoBehaviour:
  m_ObjectHideFlags: 0
  m_PrefabParentObject: {fileID: 0}
  m_PrefabInternal: {fileID: 0}
  m_GameObject: {fileID: 1372087156}
  m_Enabled: 1
  m_EditorHideFlags: 0
  m_Script: {fileID: 1980459831, guid: f70555f144d8491a825f0804e09c671c, type: 3}
  m_Name: 
  m_EditorClassIdentifier: 
  m_UiScaleMode: 0
  m_ReferencePixelsPerUnit: 100
  m_ScaleFactor: 1
  m_ReferenceResolution: {x: 1080, y: 1920}
  m_ScreenMatchMode: 0
  m_MatchWidthOrHeight: 0
  m_PhysicalUnit: 3
  m_FallbackScreenDPI: 96
  m_DefaultSpriteDPI: 96
  m_DynamicPixelsPerUnit: 1
--- !u!223 &1372087159
Canvas:
  m_ObjectHideFlags: 0
  m_PrefabParentObject: {fileID: 0}
  m_PrefabInternal: {fileID: 0}
  m_GameObject: {fileID: 1372087156}
  m_Enabled: 1
  serializedVersion: 3
  m_RenderMode: 1
  m_Camera: {fileID: 419051521}
  m_PlaneDistance: 100
  m_PixelPerfect: 0
  m_ReceivesEvents: 1
  m_OverrideSorting: 0
  m_OverridePixelPerfect: 0
  m_SortingBucketNormalizedSize: 0
  m_AdditionalShaderChannelsFlag: 0
  m_SortingLayerID: 0
  m_SortingOrder: 0
  m_TargetDisplay: 0
--- !u!224 &1372087160
RectTransform:
  m_ObjectHideFlags: 0
  m_PrefabParentObject: {fileID: 0}
  m_PrefabInternal: {fileID: 0}
  m_GameObject: {fileID: 1372087156}
  m_LocalRotation: {x: 0, y: 0, z: 0, w: 1}
  m_LocalPosition: {x: 0, y: 1, z: 90}
  m_LocalScale: {x: 0.010402445, y: 0.010402445, z: 0.010402445}
  m_Children:
  - {fileID: 1747290174}
  - {fileID: 3585084}
  m_Father: {fileID: 0}
  m_RootOrder: 5
  m_LocalEulerAnglesHint: {x: 0, y: 0, z: 0}
  m_AnchorMin: {x: 0, y: 0}
  m_AnchorMax: {x: 0, y: 0}
  m_AnchoredPosition: {x: 0, y: 0}
  m_SizeDelta: {x: 0, y: 0}
  m_Pivot: {x: 0, y: 0}
--- !u!1 &1566215076
GameObject:
  m_ObjectHideFlags: 1
  m_PrefabParentObject: {fileID: 0}
  m_PrefabInternal: {fileID: 0}
  serializedVersion: 5
  m_Component:
  - component: {fileID: 1566215078}
  - component: {fileID: 1566215077}
  m_Layer: 0
  m_Name: fiBackupSceneStorage
  m_TagString: Untagged
  m_Icon: {fileID: 0}
  m_NavMeshLayer: 0
  m_StaticEditorFlags: 0
  m_IsActive: 1
--- !u!114 &1566215077
MonoBehaviour:
  m_ObjectHideFlags: 1
  m_PrefabParentObject: {fileID: 0}
  m_PrefabInternal: {fileID: 0}
  m_GameObject: {fileID: 1566215076}
  m_Enabled: 1
  m_EditorHideFlags: 0
  m_Script: {fileID: 11500000, guid: 2402078a2026eb74499c6534c267da6c, type: 3}
  m_Name: 
  m_EditorClassIdentifier: 
  SeenBaseBehaviors: []
  Objects: []
--- !u!4 &1566215078
Transform:
  m_ObjectHideFlags: 1
  m_PrefabParentObject: {fileID: 0}
  m_PrefabInternal: {fileID: 0}
  m_GameObject: {fileID: 1566215076}
  m_LocalRotation: {x: 0, y: 0, z: 0, w: 1}
  m_LocalPosition: {x: 0, y: 0, z: 0}
  m_LocalScale: {x: 1, y: 1, z: 1}
  m_Children: []
  m_Father: {fileID: 0}
  m_RootOrder: 8
  m_LocalEulerAnglesHint: {x: 0, y: 0, z: 0}
--- !u!1 &1621238635
GameObject:
  m_ObjectHideFlags: 0
  m_PrefabParentObject: {fileID: 0}
  m_PrefabInternal: {fileID: 0}
  serializedVersion: 5
  m_Component:
  - component: {fileID: 1621238637}
  - component: {fileID: 1621238636}
  m_Layer: 0
  m_Name: Directional light
  m_TagString: Untagged
  m_Icon: {fileID: 0}
  m_NavMeshLayer: 0
  m_StaticEditorFlags: 0
  m_IsActive: 1
--- !u!108 &1621238636
Light:
  m_ObjectHideFlags: 0
  m_PrefabParentObject: {fileID: 0}
  m_PrefabInternal: {fileID: 0}
  m_GameObject: {fileID: 1621238635}
  m_Enabled: 1
  serializedVersion: 8
  m_Type: 1
  m_Color: {r: 0.29411763, g: 0.29411763, b: 0.29411763, a: 1}
  m_Intensity: 1
  m_Range: 10
  m_SpotAngle: 30
  m_CookieSize: 10
  m_Shadows:
    m_Type: 0
    m_Resolution: -1
    m_CustomResolution: -1
    m_Strength: 1
    m_Bias: 0.05
    m_NormalBias: 0.4
    m_NearPlane: 0.2
  m_Cookie: {fileID: 0}
  m_DrawHalo: 0
  m_Flare: {fileID: 0}
  m_RenderMode: 0
  m_CullingMask:
    serializedVersion: 2
    m_Bits: 4294967295
  m_Lightmapping: 4
  m_AreaSize: {x: 1, y: 1}
  m_BounceIntensity: 1
  m_ColorTemperature: 6570
  m_UseColorTemperature: 0
  m_ShadowRadius: 0
  m_ShadowAngle: 0
--- !u!4 &1621238637
Transform:
  m_ObjectHideFlags: 0
  m_PrefabParentObject: {fileID: 0}
  m_PrefabInternal: {fileID: 0}
  m_GameObject: {fileID: 1621238635}
  m_LocalRotation: {x: 0.40821788, y: -0.23456968, z: 0.10938163, w: 0.8754261}
  m_LocalPosition: {x: -4.461041, y: 0.89092207, z: 89.9375}
  m_LocalScale: {x: 1, y: 1, z: 1}
  m_Children: []
  m_Father: {fileID: 0}
  m_RootOrder: 6
  m_LocalEulerAnglesHint: {x: 50, y: -30, z: 0}
--- !u!224 &1747290174 stripped
RectTransform:
  m_PrefabParentObject: {fileID: 224194937197241398, guid: 0b21ae95a21a7a84791debd678cac089,
    type: 2}
  m_PrefabInternal: {fileID: 209610650}
--- !u!1 &1866749536
GameObject:
  m_ObjectHideFlags: 0
  m_PrefabParentObject: {fileID: 0}
  m_PrefabInternal: {fileID: 0}
  serializedVersion: 5
  m_Component:
  - component: {fileID: 1866749538}
  - component: {fileID: 1866749537}
  m_Layer: 0
  m_Name: ServerController
  m_TagString: Untagged
  m_Icon: {fileID: 0}
  m_NavMeshLayer: 0
  m_StaticEditorFlags: 0
  m_IsActive: 1
--- !u!114 &1866749537
MonoBehaviour:
  m_ObjectHideFlags: 0
  m_PrefabParentObject: {fileID: 0}
  m_PrefabInternal: {fileID: 0}
  m_GameObject: {fileID: 1866749536}
  m_Enabled: 1
  m_EditorHideFlags: 0
  m_Script: {fileID: 11500000, guid: 6c782bad572ddfe47a17b2611f5ae3d9, type: 3}
  m_Name: 
  m_EditorClassIdentifier: 
  _sharedStateGuid: 
  _objectReferences: []
  _serializedStateKeys: []
  _serializedStateValues: []
  rooms: []
--- !u!4 &1866749538
Transform:
  m_ObjectHideFlags: 0
  m_PrefabParentObject: {fileID: 0}
  m_PrefabInternal: {fileID: 0}
  m_GameObject: {fileID: 1866749536}
  m_LocalRotation: {x: 0, y: 0, z: 0, w: 1}
  m_LocalPosition: {x: 0, y: 0, z: 0}
  m_LocalScale: {x: 1, y: 1, z: 1}
  m_Children: []
  m_Father: {fileID: 0}
  m_RootOrder: 1
  m_LocalEulerAnglesHint: {x: 0, y: 0, z: 0}
--- !u!1 &2001708543
GameObject:
  m_ObjectHideFlags: 0
  m_PrefabParentObject: {fileID: 0}
  m_PrefabInternal: {fileID: 0}
  serializedVersion: 5
  m_Component:
  - component: {fileID: 2001708546}
  - component: {fileID: 2001708545}
  - component: {fileID: 2001708544}
  m_Layer: 0
  m_Name: EventSystem
  m_TagString: Untagged
  m_Icon: {fileID: 0}
  m_NavMeshLayer: 0
  m_StaticEditorFlags: 0
  m_IsActive: 1
--- !u!114 &2001708544
MonoBehaviour:
  m_ObjectHideFlags: 0
  m_PrefabParentObject: {fileID: 0}
  m_PrefabInternal: {fileID: 0}
  m_GameObject: {fileID: 2001708543}
  m_Enabled: 1
  m_EditorHideFlags: 0
  m_Script: {fileID: 1077351063, guid: f70555f144d8491a825f0804e09c671c, type: 3}
  m_Name: 
  m_EditorClassIdentifier: 
  m_HorizontalAxis: Horizontal
  m_VerticalAxis: Vertical
  m_SubmitButton: Submit
  m_CancelButton: Cancel
  m_InputActionsPerSecond: 10
  m_RepeatDelay: 0.5
  m_ForceModuleActive: 0
--- !u!114 &2001708545
MonoBehaviour:
  m_ObjectHideFlags: 0
  m_PrefabParentObject: {fileID: 0}
  m_PrefabInternal: {fileID: 0}
  m_GameObject: {fileID: 2001708543}
  m_Enabled: 1
  m_EditorHideFlags: 0
  m_Script: {fileID: -619905303, guid: f70555f144d8491a825f0804e09c671c, type: 3}
  m_Name: 
  m_EditorClassIdentifier: 
  m_FirstSelected: {fileID: 0}
  m_sendNavigationEvents: 1
  m_DragThreshold: 5
--- !u!4 &2001708546
Transform:
  m_ObjectHideFlags: 0
  m_PrefabParentObject: {fileID: 0}
  m_PrefabInternal: {fileID: 0}
  m_GameObject: {fileID: 2001708543}
  m_LocalRotation: {x: 0, y: 0, z: 0, w: 1}
  m_LocalPosition: {x: 0, y: 0, z: 0}
  m_LocalScale: {x: 1, y: 1, z: 1}
  m_Children: []
  m_Father: {fileID: 0}
  m_RootOrder: 4
  m_LocalEulerAnglesHint: {x: 0, y: 0, z: 0}
